@book{hopcroft2001introduction,
  title={Introduction to Automata Theory, Languages, and Computation},
  author={Hopcroft, John E and Motwani, Rajeev and Ullman, Jeffrey D},
  year={2001},
  edition={2nd},
  publisher={Addison-Wesley Longman Publishing Co., Inc.},
  isbn={0-321-45536-3}
}

@article{watson1995taxonomy,
  title={A taxonomy of finite automata minimization algorithms},
  author={Watson, Bruce W},
  journal={Computing Science Reports},
  volume={93},
  number={44},
  pages={1--67},
  year={1995},
  publisher={Citeseer}
}

@inproceedings{revuz1992minimisation,
  title={Minimisation of acyclic deterministic automata in linear time},
  author={Revuz, Dominique},
  booktitle={Annual Symposium on Theoretical Aspects of Computer Science},
  pages={343--353},
  year={1992},
  organization={Springer}
}

@article{almeida2009incremental,
  title={Incremental DFA minimisation},
  author={Almeida, Marco and Moreira, Nelma and Reis, Rog{\'e}rio},
  journal={International Journal of Foundations of Computer Science},
  volume={20},
  number={2},
  pages={297--325},
  year={2009},
  publisher={World Scientific}
}

@inproceedings{crochemore2001speeding,
  title={Speeding up two string-matching algorithms},
  author={Crochemore, Maxime and Hancart, Christophe},
  booktitle={Annual Symposium on Theoretical Aspects of Computer Science},
  pages={589--600},
  year={2001},
  organization={Springer}
}

@article{aho1975efficient,
  title={Efficient string matching: an aid to bibliographic search},
  author={Aho, Alfred V and Corasick, Margaret J},
  journal={Communications of the ACM},
  volume={18},
  number={6},
  pages={333--340},
  year={1975},
  publisher={ACM}
}

@book{sedgewick2011algorithms,
  title={Algorithms},
  author={Sedgewick, Robert and Wayne, Kevin},
  year={2011},
  edition={4th},
  publisher={Addison-Wesley Professional},
  isbn={0-321-57351-X}
}

@article{brzozowski1962canonical,
  title={Canonical regular expressions and minimal state graphs for definite events},
  author={Brzozowski, Janusz A},
  journal={Mathematical theory of Automata},
  volume={12},
  pages={529--561},
  year={1962},
  publisher={Polytechnic Institute of Brooklyn}
}

@inproceedings{lucchesi1993candidate,
  title={A candidate set approach for DFA minimization},
  author={Lucchesi, Claudio L and Kowaltowski, Tomasz},
  booktitle={International Workshop on Implementation and Application of Automata},
  pages={136--145},
  year={1993},
  organization={Springer}
}

@article{paige1987three,
  title={Three partition refinement algorithms},
  author={Paige, Robert and Tarjan, Robert E},
  journal={SIAM Journal on Computing},
  volume={16},
  number={6},
  pages={973--989},
  year={1987},
  publisher={SIAM}
}

@article{valmari2012fast,
  title={Fast brief practical DFA minimization},
  author={Valmari, Antti and Lehtinen, Petri},
  journal={Information Processing Letters},
  volume={112},
  number={6},
  pages={213--217},
  year={2012},
  publisher={Elsevier}
}

@incollection{champarnaud2005incremental,
  title={Incremental construction of minimal automata},
  author={Champarnaud, Jean-Marc and Ziadi, Djelloul},
  booktitle={Implementation and Application of Automata},
  pages={13--25},
  year={2005},
  publisher={Springer}
}

@article{carrasco1995learning,
  title={Learning stochastic regular grammars by means of a state merging method},
  author={Carrasco, Rafael C and Oncina, Jos{\'e}},
  journal={International Conference on Grammatical Inference},
  pages={139--152},
  year={1995},
  publisher={Springer}
}

@inproceedings{moore1956gedanken,
  title={Gedanken-experiments on sequential machines},
  author={Moore, Edward F},
  booktitle={Automata studies},
  volume={34},
  pages={129--153},
  year={1956},
  organization={Princeton University Press}
}

@article{gries1973describing,
  title={Describing an algorithm by Hopcroft},
  author={Gries, David},
  journal={Acta Informatica},
  volume={2},
  number={2},
  pages={97--109},
  year={1973},
  publisher={Springer}
}

@book{cormen2009introduction,
  title={Introduction to algorithms},
  author={Cormen, Thomas H and Leiserson, Charles E and Rivest, Ronald L and Stein, Clifford},
  year={2009},
  edition={3rd},
  publisher={MIT press},
  isbn={978-0-262-03384-8}
}