@article{thompson1968,
  title={Programming techniques: Regular expression search algorithm},
  author={Thompson, Ken},
  journal={Communications of the ACM},
  volume={11},
  number={6},
  pages={419--422},
  year={1968},
  publisher={ACM New York, NY, USA}
}

@article{aho1975,
  title={Efficient string matching: an aid to bibliographic search},
  author={Aho, Alfred V and Corasick, Margaret J},
  journal={Communications of the ACM},
  volume={18},
  number={6},
  pages={333--340},
  year={1975},
  publisher={ACM New York, NY, USA}
}

@inproceedings{cox2007,
  title={Regular expression matching can be simple and fast (but is slow in Java, Perl, PHP, Python, Ruby,...)},
  author={Cox, Russ},
  booktitle={Google Tech Talk},
  year={2007}
}

@book{friedl2006,
  title={Mastering regular expressions},
  author={Friedl, Jeffrey EF},
  year={2006},
  publisher={O'Reilly Media, Inc.}
}

@misc{re2,
  title={RE2: A fast, safe, thread-friendly alternative to backtracking regular expression engines},
  author={Google},
  howpublished={\url{https://github.com/google/re2}},
  year={2010}
}

@inproceedings{baeza1999,
  title={A practical approach to approximate string matching},
  author={Baeza-Yates, Ricardo and Navarro, Gonzalo},
  booktitle={International symposium on string processing and information retrieval},
  pages={14--33},
  year={1999},
  organization={Springer}
}