@article{aho1975efficient,
  title={Efficient string matching: an aid to bibliographic search},
  author={Aho, Alfred V and Corasick, Margaret J},
  journal={Communications of the ACM},
  volume={18},
  number={6},
  pages={333--340},
  year={1975},
  publisher={ACM New York, NY, USA}
}

@article{thompson1968programming,
  title={Programming techniques: Regular expression search algorithm},
  author={Thompson, Ken},
  journal={Communications of the ACM},
  volume={11},
  number={6},
  pages={419--422},
  year={1968},
  publisher={ACM New York, NY, USA}
}

@book{hopcroft2001introduction,
  title={Introduction to automata theory, languages, and computation},
  author={Hopcroft, John E and Motwani, Rajeev and Ullman, Jeffrey D},
  year={2001},
  publisher={Addison-Wesley Boston}
}

@article{cox2007regular,
  title={Regular expression matching can be simple and fast},
  author={Cox, Russ},
  journal={URL https://swtch.com/~rsc/regexp/regexp1.html},
  year={2007}
}

@inproceedings{becchi2008extending,
  title={Extending finite automata to efficiently match perl-compatible regular expressions},
  author={Becchi, Michela and Crowley, Patrick},
  booktitle={Proceedings of the 2008 CoNEXT conference},
  pages={1--12},
  year={2008}
}

@article{baeza1999modern,
  title={Modern information retrieval},
  author={Baeza-Yates, Ricardo and Ribeiro-Neto, Berthier and others},
  volume={463},
  year={1999},
  publisher={ACM press New York}
}

@inproceedings{dean2008mapreduce,
  title={MapReduce: simplified data processing on large clusters},
  author={Dean, Jeffrey and Ghemawat, Sanjay},
  booktitle={Communications of the ACM},
  volume={51},
  number={1},
  pages={107--113},
  year={2008},
  organization={ACM}
}

@article{lamport1998part,
  title={The part-time parliament},
  author={Lamport, Leslie},
  journal={ACM Transactions on Computer Systems (TOCS)},
  volume={16},
  number={2},
  pages={133--169},
  year={1998},
  publisher={ACM New York, NY, USA}
}

@inproceedings{chang2008bigtable,
  title={Bigtable: A distributed storage system for structured data},
  author={Chang, Fay and Dean, Jeffrey and Ghemawat, Sanjay and Hsieh, Wilson C and Wallach, Deborah A and Burrows, Mike and Chandra, Tushar and Fikes, Andrew and Gruber, Robert E},
  booktitle={ACM Transactions on Computer Systems (TOCS)},
  volume={26},
  number={2},
  pages={1--26},
  year={2008},
  organization={ACM}
}

@article{bloom1970space,
  title={Space/time trade-offs in hash coding with allowable errors},
  author={Bloom, Burton H},
  journal={Communications of the ACM},
  volume={13},
  number={7},
  pages={422--426},
  year={1970},
  publisher={ACM New York, NY, USA}
}

@inproceedings{dwork2006differential,
  title={Differential privacy},
  author={Dwork, Cynthia},
  booktitle={International colloquium on automata, languages, and programming},
  pages={1--12},
  year={2006},
  organization={Springer}
}

@article{gentry2009fully,
  title={Fully homomorphic encryption using ideal lattices},
  author={Gentry, Craig},
  booktitle={Proceedings of the forty-first annual ACM symposium on Theory of computing},
  pages={169--178},
  year={2009}
}

@article{yao1982protocols,
  title={Protocols for secure computations},
  author={Yao, Andrew C},
  booktitle={23rd annual symposium on foundations of computer science (sfcs 1982)},
  pages={160--164},
  year={1982},
  organization={IEEE}
}

@inproceedings{goldwasser1985knowledge,
  title={The knowledge complexity of interactive proof-systems},
  author={Goldwasser, Shafi and Micali, Silvio and Rackoff, Charles},
  booktitle={Proceedings of the seventeenth annual ACM symposium on Theory of computing},
  pages={291--304},
  year={1985}
}

@article{fowler2010circuit,
  title={Circuit breaker},
  author={Fowler, Martin},
  journal={URL https://martinfowler.com/bliki/CircuitBreaker.html},
  year={2010}
}

@book{kleppmann2017designing,
  title={Designing data-intensive applications: The big ideas behind reliable, scalable, and maintainable systems},
  author={Kleppmann, Martin},
  year={2017},
  publisher={O'Reilly Media}
}

@article{brewer2000towards,
  title={Towards robust distributed systems},
  author={Brewer, Eric A},
  booktitle={PODC},
  volume={7},
  pages={343477},
  year={2000}
}

@inproceedings{gilbert2002brewer,
  title={Brewer's conjecture and the feasibility of consistent, available, partition-tolerant web services},
  author={Gilbert, Seth and Lynch, Nancy},
  booktitle={ACM SIGACT News},
  volume={33},
  number={2},
  pages={51--59},
  year={2002},
  organization={ACM}
}

@article{reactive2014manifesto,
  title={The reactive manifesto},
  author={Bon√©r, Jonas and Farley, Dave and Kuhn, Roland and Thompson, Martin},
  journal={URL https://www.reactivemanifesto.org/},
  year={2014}
}

@inproceedings{hunt2010zookeeper,
  title={ZooKeeper: Wait-free Coordination for Internet-scale Systems},
  author={Hunt, Patrick and Konar, Mahadev and Junqueira, Flavio P and Reed, Benjamin},
  booktitle={USENIX annual technical conference},
  volume={8},
  pages={9},
  year={2010},
  organization={Boston, MA, USA}
}

@article{karger1997consistent,
  title={Consistent hashing and random trees: Distributed caching protocols for relieving hot spots on the World Wide Web},
  author={Karger, David and Lehman, Eric and Leighton, Tom and Panigrahy, Rina and Levine, Matthew and Lewin, Daniel},
  booktitle={Proceedings of the twenty-ninth annual ACM symposium on Theory of computing},
  pages={654--663},
  year={1997}
}

@book{tanenbaum2016distributed,
  title={Distributed systems: principles and paradigms},
  author={Tanenbaum, Andrew S and Van Steen, Maarten},
  year={2016},
  publisher={Prentice-Hall}
}

@article{burrows2006chubby,
  title={The Chubby lock service for loosely-coupled distributed systems},
  author={Burrows, Mike},
  booktitle={Proceedings of the 7th symposium on Operating systems design and implementation},
  pages={335--350},
  year={2006}
}

@inproceedings{lakshman2010cassandra,
  title={Cassandra: a decentralized structured storage system},
  author={Lakshman, Avinash and Malik, Prashant},
  booktitle={ACM SIGOPS Operating Systems Review},
  volume={44},
  number={2},
  pages={35--40},
  year={2010},
  organization={ACM}
}

@article{decandia2007dynamo,
  title={Dynamo: amazon's highly available key-value store},
  author={DeCandia, Giuseppe and Hastorun, Deniz and Jampani, Madan and Kakulapati, Gunavardhan and Lakshman, Avinash and Pilchin, Alex and Sivasubramanian, Swaminathan and Vosshall, Peter and Vogels, Werner},
  booktitle={Proceedings of twenty-first ACM SIGOPS symposium on Operating systems principles},
  pages={205--220},
  year={2007}
}

@article{corbett2013spanner,
  title={Spanner: Google's globally distributed database},
  author={Corbett, James C and Dean, Jeffrey and Epstein, Michael and Fikes, Andrew and Frost, Christopher and Furman, JJ and Ghemawat, Sanjay and Gubarev, Andrey and Heiser, Christopher and Hochschild, Peter and others},
  booktitle={ACM Transactions on Computer Systems (TOCS)},
  volume={31},
  number={3},
  pages={1--22},
  year={2013},
  organization={ACM}
}

@inproceedings{zaharia2010spark,
  title={Spark: Cluster computing with working sets},
  author={Zaharia, Matei and Chowdhury, Mosharaf and Franklin, Michael J and Shenker, Scott and Stoica, Ion},
  booktitle={2nd USENIX Workshop on Hot Topics in Cloud Computing (HotCloud 10)},
  year={2010}
}

@article{vavilapalli2013apache,
  title={Apache hadoop yarn: Yet another resource negotiator},
  author={Vavilapalli, Vinod Kumar and Murthy, Arun C and Douglas, Chris and Agarwal, Sharad and Konar, Mahadev and Evans, Robert and Graves, Thomas and Lowe, Jason and Shah, Hitesh and Seth, Siddharth and others},
  booktitle={Proceedings of the 4th annual Symposium on Cloud Computing},
  pages={1--16},
  year={2013}
}

@book{gamma1995design,
  title={Design patterns: elements of reusable object-oriented software},
  author={Gamma, Erich and Helm, Richard and Johnson, Ralph and Vlissides, John and Booch, Grady},
  year={1995},
  publisher={Addison-Wesley Reading, MA}
}

@article{fielding2000architectural,
  title={Architectural styles and the design of network-based software architectures},
  author={Fielding, Roy Thomas},
  year={2000},
  school={University of California, Irvine}
}

@book{evans2003domain,
  title={Domain-driven design: tackling complexity in the heart of software},
  author={Evans, Eric},
  year={2003},
  publisher={Addison-Wesley Professional}
}

@inproceedings{nygard2007release,
  title={Release it!: design and deploy production-ready software},
  author={Nygard, Michael T},
  year={2007},
  publisher={Pragmatic Bookshelf}
}

@article{netflix2012chaos,
  title={Chaos engineering},
  author={Basiri, Ali and Behnam, Niosha and de Rooij, Ruud and Hochstein, Lorin and Kosewski, Luke and Reynolds, Justin and Rosenthal, Casey},
  journal={Communications of the ACM},
  volume={59},
  number={5},
  pages={50--57},
  year={2016}
}

@book{humble2010continuous,
  title={Continuous delivery: reliable software releases through build, test, and deployment automation},
  author={Humble, Jez and Farley, David},
  year={2010},
  publisher={Pearson Education}
}

@article{fowler2014microservices,
  title={Microservices},
  author={Fowler, Martin and Lewis, James},
  journal={URL https://martinfowler.com/articles/microservices.html},
  year={2014}
}

@inproceedings{kreps2011kafka,
  title={Kafka: a distributed messaging system for log processing},
  author={Kreps, Jay and Narkhede, Neha and Rao, Jun and others},
  booktitle={Proceedings of the NetDB},
  volume={11},
  pages={1--7},
  year={2011}
}

@book{richardson2018microservices,
  title={Microservices patterns: with examples in Java},
  author={Richardson, Chris},
  year={2018},
  publisher={Manning Publications}
}