@article{aho1975efficient,
  title={Efficient string matching: an aid to bibliographic search},
  author={Aho, Alfred V and Corasick, Margaret J},
  journal={Communications of the ACM},
  volume={18},
  number={6},
  pages={333--340},
  year={1975},
  publisher={ACM New York, NY, USA}
}

@article{thompson1968programming,
  title={Programming techniques: regular expression search algorithm},
  author={Thompson, Ken},
  journal={Communications of the ACM},
  volume={11},
  number={6},
  pages={419--422},
  year={1968},
  publisher={ACM New York, NY, USA}
}

@article{cox2007regular,
  title={Regular expression matching can be simple and fast (but is slow in Java, Perl, PHP, Python, Ruby,...)},
  author={Cox, Russ},
  journal={URL: https://swtch.com/~rsc/regexp/regexp1.html},
  year={2007}
}

@inproceedings{wang2019hyperscan,
  title={Hyperscan: A fast multi-pattern regex matcher for modern CPUs},
  author={Wang, Xiang and Hong, Yang and Chang, Harry and Park, KyoungSoo and Langston, Geoff and Schmit, Jimmy and Dlugosch, Paul},
  booktitle={16th USENIX Symposium on Networked Systems Design and Implementation (NSDI 19)},
  pages={631--648},
  year={2019}
}

@book{friedl2006mastering,
  title={Mastering regular expressions},
  author={Friedl, Jeffrey EF},
  year={2006},
  publisher={O'Reilly Media, Inc.}
}

@article{laurikari2000nfas,
  title={NFAs with tagged transitions, their conversion to deterministic automata and application to regular expressions},
  author={Laurikari, Ville},
  journal={String Processing and Information Retrieval, 7th International Symposium, SPIRE 2000},
  year={2000}
}