@article{thompson1968programming,
  title={Programming techniques: regular expression search algorithm},
  author={Thompson, Ken},
  journal={Communications of the ACM},
  volume={11},
  number={6},
  pages={419--422},
  year={1968},
  publisher={ACM}
}

@book{hopcroft2001introduction,
  title={Introduction to automata theory, languages, and computation},
  author={Hopcroft, John E and Motwani, Rajeev and Ullman, Jeffrey D},
  year={2001},
  edition={2nd},
  publisher={Addison-Wesley}
}

@article{aho1975efficient,
  title={Efficient string matching: an aid to bibliographic search},
  author={Aho, Alfred V and Corasick, Margaret J},
  journal={Communications of the ACM},
  volume={18},
  number={6},
  pages={333--340},
  year={1975},
  publisher={ACM}
}

@article{baeza1992new,
  title={A new approach to text searching},
  author={Baeza-Yates, Ricardo and Gonnet, Gaston H},
  journal={Communications of the ACM},
  volume={35},
  number={10},
  pages={74--82},
  year={1992},
  publisher={ACM}
}

@article{myers1999fast,
  title={A fast bit-vector algorithm for approximate string matching based on dynamic programming},
  author={Myers, Gene},
  journal={Journal of the ACM},
  volume={46},
  number={3},
  pages={395--415},
  year={1999},
  publisher={ACM}
}

@article{cox2007regular,
  title={Regular Expression Matching Can Be Simple And Fast (but is slow in Java, Perl, PHP, Python, Ruby, ...)},
  author={Cox, Russ},
  journal={Swtch.com},
  year={2007},
  url={https://swtch.com/~rsc/regexp/regexp1.html}
}

@misc{intel2016hyperscan,
  title={Hyperscan: A Fast Multi-pattern Regex Matching Library},
  author={{Intel Corporation}},
  year={2016},
  url={https://github.com/intel/hyperscan},
  note={High-performance regular expression matching library}
}

@article{watson1995boyer,
  title={The Boyer-Moore-Horspool algorithm: issues of efficiency},
  author={Watson, Bruce W and Watson, Richard E},
  journal={Software: Practice and Experience},
  volume={25},
  number={10},
  pages={1099--1102},
  year={1995},
  publisher={Wiley}
}

@inproceedings{navarro2001flexible,
  title={A flexible and efficient bit-parallel technique for regular expression matching},
  author={Navarro, Gonzalo and Raffinot, Mathieu},
  booktitle={Proceedings of the 12th annual symposium on Combinatorial Pattern Matching},
  pages={194--212},
  year={2001},
  publisher={Springer}
}

@article{laurikari2009nfa,
  title={NFAs with tagged transitions, their conversion to deterministic automata and application to regular expressions},
  author={Laurikari, Ville},
  journal={String Processing and Information Retrieval},
  year={2009}
}

@inproceedings{becchi2007efficient,
  title={An efficient algorithm for multi-pattern matching in network intrusion detection systems},
  author={Becchi, Michela and Crowley, Patrick},
  booktitle={Proceedings of the 2007 ACM symposium on Applied computing},
  pages={1508--1513},
  year={2007},
  organization={ACM}
}

@article{yu2006gigabit,
  title={Gigabit rate packet pattern-matching using TCAM},
  author={Yu, Fang and Katz, Randy H and Lakshman, TV},
  journal={IEEE/ACM Transactions on Networking},
  volume={14},
  number={5},
  pages={1108--1121},
  year={2006},
  publisher={IEEE}
}

@inproceedings{ficara2008improved,
  title={An improved DFA for fast regular expression matching},
  author={Ficara, Domenico and Giordano, Stefano and Procissi, Gregorio and Vitucci, Fabio and Antichi, Gianni and Di Pietro, Andrea},
  booktitle={ACM SIGCOMM Computer Communication Review},
  volume={38},
  number={5},
  pages={29--40},
  year={2008},
  organization={ACM}
}

@article{faro2013exact,
  title={The exact online string matching problem: a review of the most recent results},
  author={Faro, Simone and Lecroq, Thierry},
  journal={ACM Computing Surveys},
  volume={45},
  number={2},
  pages={1--42},
  year={2013},
  publisher={ACM}
}

@inproceedings{wang2016hyperscan,
  title={Hyperscan: A fast multi-pattern regex matching engine for DPDK},
  author={Wang, Xiang and Hong, Yang and Chang, Harry and Park, KyoungSoo and Langston, Geoff and Reda, Sherief and Yuan, Xipeng},
  booktitle={Data Plane Development Kit (DPDK) Summit},
  year={2016}
}

@article{granlund2005instruction,
  title={Instruction tables: Lists of instruction latencies, throughputs and micro-operation breakdowns},
  author={Granlund, Torbj{\"o}rn and Montanaro, James},
  journal={Copenhagen: Agner Fog},
  year={2005}
}

@techreport{jep338vector,
  title={JEP 338: Vector API (Incubator)},
  author={{Oracle Corporation}},
  year={2019},
  institution={OpenJDK},
  url={https://openjdk.java.net/jeps/338}
}

@inproceedings{faro2012efficient,
  title={Efficient variants of the backward-oracle-matching algorithm},
  author={Faro, Simone and Lecroq, Thierry},
  booktitle={Proceedings of the Prague Stringology Conference},
  pages={146--160},
  year={2012}
}

@article{commentz1979string,
  title={A string matching algorithm fast on the average},
  author={Commentz-Walter, Beate},
  journal={Automata, Languages and Programming},
  pages={118--132},
  year={1979},
  publisher={Springer}
}

@article{karp1987efficient,
  title={Efficient randomized pattern-matching algorithms},
  author={Karp, Richard M and Rabin, Michael O},
  journal={IBM Journal of Research and Development},
  volume={31},
  number={2},
  pages={249--260},
  year={1987},
  publisher={IBM}
}