@misc{donkeycar2023,
  title={Donkeycar: An Open Source Hardware and Software Platform for Small Scale DIY Autonomous Vehicles},
  author={Donkeycar Community},
  year={2023},
  url={https://docs.donkeycar.com/},
  note={Accessed: 2024-12-19}
}

@misc{lerobot2024,
  title={LeRobot: State-of-the-art Machine Learning for Real-World Robotics in PyTorch},
  author={Hugging Face Team},
  year={2024},
  url={https://huggingface.co/docs/lerobot},
  note={Accessed: 2024-12-19}
}

@inproceedings{gym_donkeycar2020,
  title={Gym-Donkeycar: A Donkeycar Simulator for OpenAI Gym},
  author={Kramer, Tawn},
  year={2020},
  url={https://github.com/tawnkramer/gym-donkeycar},
  note={GitHub Repository}
}

@article{pomerleau1989alvinn,
  title={ALVINN: An autonomous land vehicle in a neural network},
  author={Pomerleau, Dean A},
  journal={Advances in neural information processing systems},
  volume={1},
  year={1989}
}

@inproceedings{bojarski2016end,
  title={End to end learning for self-driving cars},
  author={Bojarski, Mariusz and Del Testa, Davide and Dworakowski, Daniel and Firner, Bernhard and Flepp, Beat and Goyal, Prasoon and Jackel, Lawrence D and Monfort, Mathew and Muller, Urs and Zhang, Jiakai and others},
  booktitle={arXiv preprint arXiv:1604.07316},
  year={2016}
}

@inproceedings{ross2011reduction,
  title={A reduction of imitation learning and structured prediction to no-regret online learning},
  author={Ross, St{\'e}phane and Gordon, Geoffrey and Bagnell, Drew},
  booktitle={Proceedings of the fourteenth international conference on artificial intelligence and statistics},
  pages={627--635},
  year={2011},
  organization={JMLR Workshop and Conference Proceedings}
}

@article{ho2016generative,
  title={Generative adversarial imitation learning},
  author={Ho, Jonathan and Ermon, Stefano},
  journal={Advances in neural information processing systems},
  volume={29},
  year={2016}
}

@inproceedings{florence2022implicit,
  title={Implicit behavioral cloning},
  author={Florence, Pete and Lynch, Corey and Zeng, Andy and Ramirez, Oscar A and Wahid, Ayzaan and Downs, Laura and Wong, Adrian and Lee, Johnny and Mordatch, Igor and Tompson, Jonathan},
  booktitle={Conference on Robot Learning},
  pages={158--168},
  year={2022},
  organization={PMLR}
}

@misc{unity_ml_agents2023,
  title={Unity ML-Agents Toolkit},
  author={Unity Technologies},
  year={2023},
  url={https://unity.com/products/machine-learning-agents},
  note={Accessed: 2024-12-19}
}

@article{koenig2004design,
  title={Design and use paradigms for gazebo, an open-source multi-robot simulator},
  author={Koenig, Nathan and Howard, Andrew},
  booktitle={IEEE/RSJ International Conference on Intelligent Robots and Systems},
  volume={3},
  pages={2149--2154},
  year={2004},
  organization={IEEE}
}

@inproceedings{schulman2017proximal,
  title={Proximal policy optimization algorithms},
  author={Schulman, John and Wolski, Filip and Dhariwal, Prafulla and Radford, Alec and Klimov, Oleg},
  journal={arXiv preprint arXiv:1707.06347},
  year={2017}
}

@article{lillicrap2015continuous,
  title={Continuous control with deep reinforcement learning},
  author={Lillicrap, Timothy P and Hunt, Jonathan J and Pritzel, Alexander and Heess, Nicolas and Erez, Tom and Tassa, Yuval and Silver, David and Wierstra, Daan},
  journal={arXiv preprint arXiv:1509.02971},
  year={2015}
}

@inproceedings{codevilla2018end,
  title={End-to-end driving via conditional imitation learning},
  author={Codevilla, Felipe and M{\"u}ller, Matthias and L{\'o}pez, Antonio and Koltun, Vladlen and Dosovitskiy, Alexey},
  booktitle={2018 IEEE international conference on robotics and automation (ICRA)},
  pages={4693--4700},
  year={2018},
  organization={IEEE}
}

@article{chen2019learning,
  title={Learning by cheating},
  author={Chen, Dian and Zhou, Brady and Koltun, Vladlen and Kr{\"a}henb{\"u}hl, Philipp},
  journal={arXiv preprint arXiv:1912.12294},
  year={2019}
}

@misc{pytorch2023,
  title={PyTorch: An imperative style, high-performance deep learning library},
  author={Paszke, Adam and Gross, Sam and Massa, Francisco and Lerer, Adam and Bradbury, James and Chanan, Gregory and Killeen, Trevor and Lin, Zeming and Gimelshein, Natalia and Antiga, Luca and others},
  year={2023},
  url={https://pytorch.org/},
  note={Accessed: 2024-12-19}
}

@misc{wandb2023,
  title={Weights \& Biases: Experiment tracking for machine learning},
  author={Weights \& Biases Team},
  year={2023},
  url={https://wandb.ai/},
  note={Accessed: 2024-12-19}
}